@Manual{knitr,
    title = {knitr: A general-purpose package for dynamic report generation in R},
    author = {Yihui Xie},
    year = {2012},
    note = {R package version 0.8.5},
    url = {http://yihui.name/knitr/},
}
@Manual{R,
    title = {R: A Language and Environment for Statistical Computing},
    author = {{R Development Core Team}},
    organization = {R Foundation for Statistical Computing},
    address = {Vienna, Austria},
    year = {2012},
    note = {{ISBN} 3-900051-07-0},
    url = {http://www.R-project.org/},
}


@article{Castrillon2012,
author = {Castrillon, Felipe and Guin, Angshuman and Guensler, Randall and Laval, Jorge},
file = {:Users/gmacfarlane7/Documents/Mendeley/Submitted to Transportation Research Record/Castrillon et al.. 2012. Comparison of various modeling approaches for the imputation of intelligent transportation system VDS data.pdf:pdf},
journal = {Submitted to Transportation Research Record},
title = {{Comparison of various modeling approaches for the imputation of intelligent transportation system VDS data}},
volume = {511},
year = {2012}
}
 
